@Online{IDGK,
  author  = {{IKEA Deutschland GmbH \& Co. KG}},
  title   = {SAMLA Box, transparent},
  url     = {https://www.ikea.com/de/de/p/samla-box-transparent-40102978},
  urldate = {2025-08-19},
}

@Book{Close2012,
  author       = {Close, Frank},
  date         = {2012},
  title        = {Neutrino},
  isbn         = {9783827429407},
  language     = {Deutsch},
  location     = {Berlin [u.a.]},
  origlanguage = {Englisch},
  pagetotal    = {XII, 233},
  publisher    = {Springer Spektrum},
}

@Article{Hu2017,
  author       = {Hu, Yi and Li, Zhili and Wetzel, Benjamin and Morandotti, Roberto and Chen, Zhigang and Xu, Jingjun},
  date         = {2017-08},
  journaltitle = {Scientific Reports},
  title        = {Cherenkov Radiation Control via Self-accelerating Wave-packets},
  doi          = {10.1038/s41598-017-08705-4},
  issn         = {2045-2322},
  number       = {1},
  volume       = {7},
  publisher    = {Springer Science and Business Media LLC},
}

@Article{Abbasi2022,
  author       = {Abbasi, R. and Ackermann, M. and Adams, J. and Aguilar, J. A. and Ahlers, M. and Ahrens, M. and Alameddine, J. M. and Alispach, C. and Alves, A. A. and Amin, N. M. and Andeen, K. and Anderson, T. and Anton, G. and Argüelles, C. and Ashida, Y. and Axani, S. and Bai, X. and Balagopal V., A. and Barbano, A. and Barwick, S. W. and Bastian, B. and Basu, V. and Baur, S. and Bay, R. and Beatty, J. J. and Becker, K.-H. and Becker Tjus, J. and Bellenghi, C. and BenZvi, S. and Berley, D. and Bernardini, E. and Besson, D. Z. and Binder, G. and Bindig, D. and Blaufuss, E. and Blot, S. and Boddenberg, M. and Bontempo, F. and Borowka, J. and Böser, S. and Botner, O. and Böttcher, J. and Bourbeau, E. and Bradascio, F. and Braun, J. and Brinson, B. and Bron, S. and Brostean-Kaiser, J. and Browne, S. and Burgman, A. and Burley, R. T. and Busse, R. S. and Campana, M. A. and Carnie-Bronca, E. G. and Chen, C. and Chen, Z. and Chirkin, D. and Choi, K. and Clark, B. A. and Clark, K. and Classen, L. and Coleman, A. and Collin, G. H. and Conrad, J. M. and Coppin, P. and Correa, P. and Cowen, D. F. and Cross, R. and Dappen, C. and Dave, P. and De Clercq, C. and DeLaunay, J. J. and Delgado López, D. and Dembinski, H. and Deoskar, K. and Desai, A. and Desiati, P. and de Vries, K. D. and de Wasseige, G. and de With, M. and DeYoung, T. and Diaz, A. and Díaz-Vélez, J. C. and Dittmer, M. and Dujmovic, H. and Dunkman, M. and DuVernois, M. A. and Dvorak, E. and Ehrhardt, T. and Eller, P. and Engel, R. and Erpenbeck, H. and Evans, J. and Evenson, P. A. and Fan, K. L. and Fazely, A. R. and Fedynitch, A. and Feigl, N. and Fiedlschuster, S. and Fienberg, A. T. and Filimonov, K. and Finley, C. and Fischer, L. and Fox, D. and Franckowiak, A. and Friedman, E. and Fritz, A. and Fürst, P. and Gaisser, T. K. and Gallagher, J. and Ganster, E. and Garcia, A. and Garrappa, S. and Gerhardt, L. and Ghadimi, A. and Glaser, C. and Glauch, T. and Glüsenkamp, T. and Goldschmidt, A. and Gonzalez, J. G. and Goswami, S. and Grant, D. and Grégoire, T. and Griswold, S. and Günther, C. and Gutjahr, P. and Haack, C. and Hallgren, A. and Halliday, R. and Halve, L. and Halzen, F. and Ha Minh, M. and Hanson, K. and Hardin, J. and Harnisch, A. A. and Haungs, A. and Hebecker, D. and Helbing, K. and Henningsen, F. and Hettinger, E. C. and Hickford, S. and Hignight, J. and Hill, C. and Hill, G. C. and Hoffman, K. D. and Hoffmann, R. and Hokanson-Fasig, B. and Hoshina, K. and Huang, F. and Huber, M. and Huber, T. and Hultqvist, K. and Hünnefeld, M. and Hussain, R. and Hymon, K. and In, S. and Iovine, N. and Ishihara, A. and Jansson, M. and Japaridze, G. S. and Jeong, M. and Jin, M. and Jones, B. J. P. and Kang, D. and Kang, W. and Kang, X. and Kappes, A. and Kappesser, D. and Kardum, L. and Karg, T. and Karl, M. and Karle, A. and Katz, U. and Kauer, M. and Kellermann, M. and Kelley, J. L. and Kheirandish, A. and Kin, K. and Kintscher, T. and Kiryluk, J. and Klein, S. R. and Koirala, R. and Kolanoski, H. and Kontrimas, T. and Köpke, L. and Kopper, C. and Kopper, S. and Koskinen, D. J. and Koundal, P. and Kovacevich, M. and Kowalski, M. and Kozynets, T. and Kun, E. and Kurahashi, N. and Lad, N. and Lagunas Gualda, C. and Lanfranchi, J. L. and Larson, M. J. and Lauber, F. and Lazar, J. P. and Lee, J. W. and Leonard, K. and Leszczyńska, A. and Li, Y. and Lincetto, M. and Liu, Q. R. and Liubarska, M. and Lohfink, E. and Lozano Mariscal, C. J. and Lu, L. and Lucarelli, F. and Ludwig, A. and Luszczak, W. and Lyu, Y. and Ma, W. Y. and Madsen, J. and Mahn, K. B. M. and Makino, Y. and Mancina, S. and Mariş, I. C. and Martinez-Soler, I. and Maruyama, R. and Mase, K. and McElroy, T. and McNally, F. and Mead, J. V. and Meagher, K. and Mechbal, S. and Medina, A. and Meier, M. and Meighen-Berger, S. and Micallef, J. and Mockler, D. and Montaruli, T. and Moore, R. W. and Morse, R. and Moulai, M. and Naab, R. and Nagai, R. and Nahnhauer, R. and Naumann, U. and Necker, J. and Nguyen, L. V. and Niederhausen, H. and Nisa, M. U. and Nowicki, S. C. and Nygren, D. and Obertacke Pollmann, A. and Oehler, M. and Oeyen, B. and Olivas, A. and O’Sullivan, E. and Pandya, H. and Pankova, D. V. and Park, N. and Parker, G. K. and Paudel, E. N. and Paul, L. and Pérez de los Heros, C. and Peters, L. and Peterson, J. and Philippen, S. and Pieper, S. and Pittermann, M. and Pizzuto, A. and Plum, M. and Popovych, Y. and Porcelli, A. and Prado Rodriguez, M. and Price, P. B. and Pries, B. and Przybylski, G. T. and Raab, C. and Rack-Helleis, J. and Raissi, A. and Rameez, M. and Rawlins, K. and Rea, I. C. and Rehman, A. and Reichherzer, P. and Reimann, R. and Renzi, G. and Resconi, E. and Reusch, S. and Rhode, W. and Richman, M. and Riedel, B. and Roberts, E. J. and Robertson, S. and Roellinghoff, G. and Rongen, M. and Rott, C. and Ruhe, T. and Ryckbosch, D. and Rysewyk Cantu, D. and Safa, I. and Saffer, J. and Sanchez Herrera, S. E. and Sandrock, A. and Sandroos, J. and Santander, M. and Sarkar, S. and Sarkar, S. and Satalecka, K. and Schaufel, M. and Schieler, H. and Schindler, S. and Schmidt, T. and Schneider, A. and Schneider, J. and Schröder, F. G. and Schumacher, L. and Schwefer, G. and Sclafani, S. and Seckel, D. and Seunarine, S. and Sharma, A. and Shefali, S. and Silva, M. and Skrzypek, B. and Smithers, B. and Snihur, R. and Soedingrekso, J. and Soldin, D. and Spannfellner, C. and Spiczak, G. M. and Spiering, C. and Stachurska, J. and Stamatikos, M. and Stanev, T. and Stein, R. and Stettner, J. and Steuer, A. and Stezelberger, T. and Stokstad, R. and Stürwald, T. and Stuttard, T. and Sullivan, G. W. and Taboada, I. and Ter-Antonyan, S. and Tilav, S. and Tischbein, F. and Tollefson, K. and Tönnis, C. and Toscano, S. and Tosi, D. and Trettin, A. and Tselengidou, M. and Tung, C. F. and Turcati, A. and Turcotte, R. and Turley, C. F. and Twagirayezu, J. P. and Ty, B. and Unland Elorrieta, M. A. and Valtonen-Mattila, N. and Vandenbroucke, J. and van Eijndhoven, N. and Vannerom, D. and van Santen, J. and Verpoest, S. and Walck, C. and Watson, T. B. and Weaver, C. and Weigel, P. and Weindl, A. and Weiss, M. J. and Weldert, J. and Wendt, C. and Werthebach, J. and Weyrauch, M. and Whitehorn, N. and Wiebusch, C. H. and Williams, D. R. and Wolf, M. and Woschnagg, K. and Wrede, G. and Wulff, J. and Xu, X. W. and Yanez, J. P. and Yoshida, S. and Yu, S. and Yuan, T. and Zhang, Z. and Zhelnin, P.},
  date         = {2022-11},
  journaltitle = {Science},
  title        = {Evidence for neutrino emission from the nearby active galaxy NGC 1068},
  doi          = {10.1126/science.abg3395},
  issn         = {1095-9203},
  number       = {6619},
  pages        = {538--543},
  volume       = {378},
  publisher    = {American Association for the Advancement of Science (AAAS)},
}

@Book{C.C.Buchner2012,
  author    = {{C.C.Buchner}},
  title     = {Mathematisch-naturwissenschaftliche Formelsammlung},
  isbn      = {9783661670010},
  location  = {Bamberg},
  publisher = {C.C.Buchner},
  year      = {2012},
}

@Report{Pontecorvo1946,
  author      = {Bruno Pontecorvo},
  date        = {1946-11-06},
  institution = {National Research Council of Canada, Division of Atomic Energy},
  title       = {Inverse Beta Process},
  location    = {Chalk River},
  subtitle    = {Report PD-205},
  url         = {https://neutrino-history.in2p3.fr/wp-content/uploads/2022/11/1946_Pontecorvo.pdf},
  urldate     = {2025-08-18},
}

@Article{Aartsen2018,
  author       = {Aartsen, Mark and Ackermann, Markus and Adams, Jenni and Aguilar, Juan Antonio and Ahlers, Markus and Ahrens, Maryon and Al Samarai, Imen and Altmann, David and Andeen, Karen and Anderson, Tyler and Ansseau, Isabelle and Anton, Gisela and Argüelles, Carlos and Arsioli, Bruno and Auffenberg, Jan and Axani, Spencer and Bagherpour, Hadis and Bai, Xinhua and Barron, Jared and Barwick, Steve and Baum, Volker and Bay, Ryan and Beatty, James and Becker, Karl Heinz and Becker Tjus, Julia and BenZvi, Segev and Berley, David and Bernardini, Elisa and Besson, David and Binder, Gary and Bindig, Daniel and Blaufuss, Erik and Blot, Summer and Bohm, Christian and Boerner, Mathis and Bos, Fabian and Boeser, Sebastian and Botner, Olga and Bourbeau, Etienne and Bourbeau, James and Bradascio, Federica and Braun, Jim and Brenzke, Martin and Bretz, Hans-Peter and Bron, Stephanie and Brostean-Kaiser, Jannes and Burgman, Alexander and Busse, Raffaela and Carver, Tessa and Cheung, Edward and Chirkin, Dmitry and Christov, Asen and Clark, Ken and Classen, Lew and Coenders, Stefan and Collin, Gabriel and Conrad, Janet and Coppin, Paul and Correa, Pablo and Cowen, Doug and Cross, Robert and Dave, Pranav and Day, Melanie and de André, Joao Pedro A. M. and De Clercq, Catherine and Delaunay, James and Dembinski, Hans and DeRidder, Sam and Desiati, Paolo and de Vries, Krijn and DeWasseige, Gwenhael and DeWith, Meike and DeYoung, Ty and Díaz-Vélez, Juan Carlos and Di Lorenzo, Vincenzo and Dujmovic, Hrvoje and Dumm, Jonathan and Dunkman, Matt and Dvorak, Emily and Eberhardt, Benjamin and Ehrhardt, Thomas and Eichmann, Bjorn and Eller, Philipp and Evenson, Paul and Fahey, Sam and Fazely, Ali and Felde, John and Filimonov, Kirill and Finley, Chad and Flis, Samuel and Franckowiak, Anna and Friedman, Elizabeth and Fritz, Alexander and Gaisser, Tom and Gallagher, Jay and Gerhardt, Lisa and Ghorbani, Kevin and Giommi, Paolo and Glauch, Theo and Gluesenkamp, Thorsten and Goldschmidt, Azriel and Gonzalez, Javier and Grant, Darren and Griffith, Zachary and Haack, Christian and Hallgren, Allan and Halzen, Francis and Hanson, Kael and Hebecker, Dustin and Heereman, David and Helbing, Klaus and Hellauer, Robert and Hickford, Stephanie and Hignight, Joshua and Hill, Gary and Hoffman, Kara and Hoffmann, Ruth and Hoinka, Tobias and Hokanson-Fasig, Benjamin and Hoshina, Kotoyo and Huang, Feifei and Huber, Matthias and Hultqvist, Klas and Huennefeld, Mirco and Hussain, Raamis and In, Seongjin and Iovine, Nadège and Ishihara, Aya and Jacobi, Emanuel and Japaridze, George and Jeong, Minjin and Jero, Kyle and Jones, Benjamin and Kalaczynski, Piotr and Kang, Woosik and Kappes, Alexander and Kappesser, David and Karg, Timo and Karle, Albrecht and Katz, Uli and Kauer, Matt and Keivani, Azadeh and Kelley, John and Kheirandish, Ali and Kim, JongHyun and Kim, Myoungchul and Kintscher, Thomas and Kiryluk, Joanna and Kittler, Thomas and Klein, Spencer and Koirala, Ramesh and Kolanoski, Hermann and Koepke, Lutz and Kopper, Claudio and Kopper, Sandro and Koschinsky, Jan Paul and Koskinen, Jason and Kowalski, Marek and Krammer, Benedikt and Krings, Kai and Kroll, Mike and Krueckl, Gerald and Kunwar, Samridha and Neilson, Naoko Kurahashi and Kuwabara, Takao and Kyriacou, Alexander and Labare, Mathieu and Lanfranchi, Justin and Larson, Michael and Lauber, Frederik and Leonard, Kayla and Lesiak-Bzdak, Mariola and Leuermann, Martin and Liu, Qinrui and Lozano Mariscal, Cristian Jesús and Lu, Lu and Luenemann, Jan and Luszczak, William and Madsen, James and Maggi, Giuliano and Mahn, Kendall and Mancina, Sarah and Maruyama, Reina and Mase, Keiichi and Maunu, Ryan and Meagher, Kevin and Medici, Morten and Meier, Maximilian and Menne, Thorben and Merino, Gonzalo and Meures, Thomas and Miarecki, Sandy and Micallef, Jessie and Momente, Giulio and Montaruli, Teresa and Moore, Roger and Morse, Robert and Moulai, Marjon and Nahnhauer, Rolf and Nakarmi, Prabandha and Naumann, Uwe and Neer, Garrett and Niederhausen, Hans and Nowicki, Sarah and Nygren, Dave and Pollmann, Anna and Olivas, Alex and Ó Murchadha, Aongus and O’Sullivan, Erin and Padovani, Paolo and Palczewski, Tomasz and Pandya, Hershal and Pankova, Daria and Peiffer, Peter and Pepper, James and Perez de los Heros, Carlos and Pieloth, Damian and Pinat, Elisa and Plum, Matthias and Price, Buford and Przybylski, Gerald and Raab, Christoph and Raedel, Leif and Rameez, Mohamed and Rawlins, Katherine and Rea, Immacolata Carmen and Reimann, Rene and Relethford, Ben and Relich, Matt and Resconi, Elisa and Rhode, Wolfgang and Richman, Mike and Robertson, Sally and Rongen, Martin and Rott, Carsten and Ruhe, Tim and Ryckbosch, Dirk and Rysewyk, Devyn and Safa, Ibrahim and Saelzer, Tobias and Sahakyan, Narek and Sanchez Herrera, Sebastian and Sandrock, Alexander and Sandroos, Joakim and Santander, Marcos and Sarkar, Sourav and Sarkar, Subir and Satalecka, Konstancja and Schlunder, Philipp and Schmidt, Torsten and Schneider, Austin and Schoenen, Sebastian and Schoeneberg, Sebastian and Schumacher, Lisa and Sclanfani, Stephen and Seckel, Dave and Seunarine, Suruj and Soedingrekso, Jan and Soldin, Dennis and Song, Ming and Spiczak, Glenn and Spiering, Christian and Stachurska, Juliana and Stamatikos, Michael and Stanev, Todor and Stasik, Alexander and Stettner, Joeran and Steuer, Anna and Stezelberger, Thorsten and Stokstad, Robert and Stoessl, Achim and Strotjohann, Nora Linn and Stuttard, Thomas and Sullivan, Greg and Sutherland, Michael and Taboada, Ignacio and Tatar, Joulien and Tenholt, Frederik and Ter-Antonyan, Samvel and Terliuk, Andrii and Tilav, Serap and Toale, Pat and Tobin, Moriah and Toennis, Christoph and Toscano, Simona and Tosi, Delia and Tselengidou, Maria and Tung, ChunFai and Turcati, Andrea and Turley, Colin and Ty, Bunheng and Unger, Lisa and Usner, Marcel and Van Driessche, Ward and Van Eijk, Daan and van Eijndhoven, Nick and Vandenbroucke, Justin and Vanheule, Sander and van Santen, Jakob and Vogel, Eric and Vraeghe, Matthias and Walck, Christian and Wallace, Alexander and Wallraff, Marius and Wandler, Frank and Wandkowsky, Nancy and Waza, Aatif and Weaver, Chris and Weiss, Matthew and Wendt, Chris and Werthebach, Johannes and Westerhoff, Stefan and Whelan, Ben and Whitehorn, Nathan and Wiebe, Klaus and Wiebusch, Christopher and Wille, Logan and Williams, Dawn and Wills, Lizz and Wolf, Martin and Wood, Joshua and Wood, Tania and Woschnagg, Kurt and Xu, Donglian and Xu, Xianwu and Xu, Yiqian and Yanez, Juan Pablo and Yodh, Gaurang and Yoshida, Shigeru and Yuan, Tianlu},
  date         = {2018-07},
  journaltitle = {Science},
  title        = {Neutrino emission from the direction of the blazar TXS 0506+056 prior to the IceCube-170922A alert},
  doi          = {10.1126/science.aat2890},
  issn         = {1095-9203},
  number       = {6398},
  pages        = {147--151},
  volume       = {361},
  publisher    = {American Association for the Advancement of Science (AAAS)},
}

@Article{DONUT2001,
  author  = {K. Kodama and N. Ushida and C. Andreopoulos and N. Saoulidou and G. Tzanakos and P. Yager and B. Baller and D. Boehnlein and W. Freeman and B. Lundberg and J. Morfin and R. Rameika and J.C. Yun and J.S. Song and C.S. Yoon and S.H. Chung and P. Berghaus and M. Kubantsev and N.W. Reay and R. Sidwell and N. Stanton and S. Yoshida and S. Aoki and T. Hara and J.T. Rhee and D. Ciampa and C. Erickson and M. Graham and K. Heller and R. Rusack and R. Schwienhorst and J. Sielaff and J. Trammell and J. Wilcox and K. Hoshino and H. Jiko and M. Miyanishi and M. Komatsu and M. Nakamura and T. Nakano and K. Niwa and N. Nonaka and K. Okada and O. Sato and T. Akdogan and V. Paolone and C. Rosenfeld and A. Kulik and T. Kafka and W. Oliver and T. Patzak and J. Schneps},
  title   = {Observation of tau neutrino interactions},
  doi     = {https://doi.org/10.1016/S0370-2693(01)00307-0},
  issn    = {0370-2693},
  number  = {3},
  pages   = {218-224},
  url     = {https://www.sciencedirect.com/science/article/pii/S0370269301003070},
  volume  = {504},
  journal = {Physics Letters B},
  year    = {2001},
}

@Article{Aglietta1987,
  author       = {Aglietta, M and Badino, G and Bologna, G and Castagnoli, C and Castellina, A and Dadykin, V. L and Fulgione, W and Galeotti, P and Kalchukov, F. F and Kortchaguin, B and Kortchaguin, P. V and Malguin, A. S and Ryassny, V. G and Ryazhskaya, O. G and Saavedra, O and Talochkin, V. P and Trinchero, G and Vernetto, S and Zatsepin, G. T and Yakushev, V. F},
  date         = {1987-06},
  journaltitle = {Europhysics Letters (EPL)},
  title        = {On the Event Observed in the Mont Blanc Underground Neutrino Observatory during the Occurrence of Supernova 1987a},
  doi          = {10.1209/0295-5075/3/12/011},
  issn         = {1286-4854},
  number       = {12},
  pages        = {1315--1320},
  volume       = {3},
  publisher    = {IOP Publishing},
}

@Article{Anderson1933,
  author       = {Anderson, Carl D.},
  date         = {1933-03},
  journaltitle = {Physical Review},
  title        = {The Positive Electron},
  doi          = {10.1103/physrev.43.491},
  issn         = {0031-899X},
  number       = {6},
  pages        = {491--494},
  volume       = {43},
  publisher    = {American Physical Society (APS)},
}

@Article{Athar2022,
  author      = {M. Sajjad Athar and A. Fatima and S. K. Singh},
  date        = {2022-06-28},
  title       = {Neutrinos and their interactions with matter},
  eprint      = {2206.13792},
  eprintclass = {hep-ph},
  eprinttype  = {arXiv},
  file        = {:Athar2022 - Neutrinos and Their Interactions with Matter.pdf:PDF:http\://arxiv.org/pdf/2206.13792v3},
  keywords    = {hep-ph, hep-ex, nucl-th},
}

@Book{Athar2020,
  author    = {Athar, M. Sajjad},
  date      = {2020},
  title     = {The physics of neutrino interactions},
  editor    = {S. K. Singh},
  isbn      = {1108773834},
  location  = {Cambridge},
  note      = {Includes bibliographical references and index},
  pagetotal = {1930},
  publisher = {Cambridge University Press},
  ppn_gvk   = {1700555049},
}

@Article{Bilenky2014,
  author       = {Bilenky, S M},
  date         = {2014-05},
  journaltitle = {Physics-Uspekhi},
  title        = {Bruno Pontecorvo and the neutrino},
  doi          = {10.3367/ufne.0184.201405g.0531},
  issn         = {1468-4780},
  number       = {5},
  pages        = {489--496},
  volume       = {57},
  publisher    = {Uspekhi Fizicheskikh Nauk (UFN) Journal},
}

@Article{Bionta1987,
  author       = {Bionta, R. M. and Blewitt, G. and Bratton, C. B. and Casper, D. and Ciocio, A. and Claus, R. and Cortez, B. and Crouch, M. and Dye, S. T. and Errede, S. and Foster, G. W. and Gajewski, W. and Ganezer, K. S. and Goldhaber, M. and Haines, T. J. and Jones, T. W. and Kielczewska, D. and Kropp, W. R. and Learned, J. G. and LoSecco, J. M. and Matthews, J. and Miller, R. and Mudan, M. S. and Park, H. S. and Price, L. R. and Reines, F. and Schultz, J. and Seidel, S. and Shumard, E. and Sinclair, D. and Sobel, H. W. and Stone, J. L. and Sulak, L. R. and Svoboda, R. and Thornton, G. and van der Velde, J. C. and Wuest, C.},
  date         = {1987-04},
  journaltitle = {Physical Review Letters},
  title        = {Observation of a neutrino burst in coincidence with supernova 1987A in the Large Magellanic Cloud},
  doi          = {10.1103/physrevlett.58.1494},
  issn         = {0031-9007},
  number       = {14},
  pages        = {1494--1496},
  volume       = {58},
  publisher    = {American Physical Society (APS)},
}

@Article{Cowan1956,
  author       = {Cowan, C. L. and Reines, F. and Harrison, F. B. and Kruse, H. W. and McGuire, A. D.},
  date         = {1956-07},
  journaltitle = {Science},
  title        = {Detection of the Free Neutrino: a Confirmation},
  doi          = {10.1126/science.124.3212.103},
  issn         = {1095-9203},
  number       = {3212},
  pages        = {103--104},
  volume       = {124},
  publisher    = {American Association for the Advancement of Science (AAAS)},
}

@Article{Davis1968,
  author       = {Davis, Raymond and Harmer, Don S. and Hoffman, Kenneth C.},
  date         = {1968-05},
  journaltitle = {Physical Review Letters},
  title        = {Search for Neutrinos from the Sun},
  doi          = {10.1103/physrevlett.20.1205},
  issn         = {0031-9007},
  number       = {21},
  pages        = {1205--1209},
  volume       = {20},
  publisher    = {American Physical Society (APS)},
}

@Online{Dolan2025,
  author  = {Stephen Dolan},
  date    = {2025-02-13},
  title   = {Neutrino interactions},
  url     = {https://neutrino.web.cern.ch/blog/nu-interactions/},
  urldate = {2025-05-31},
}

@Misc{Ecker2020,
  author        = {Gerhard Ecker},
  title         = {James Chadwick: ahead of his time},
  eprint        = {2007.06926},
  url           = {https://arxiv.org/abs/2007.06926},
  archiveprefix = {arXiv},
  primaryclass  = {physics.hist-ph},
  year          = {2020},
}

@Article{Fermi1934,
  author       = {Fermi, E.},
  date         = {1934-03},
  journaltitle = {Zeitschrift für Physik},
  title        = {Versuch einer Theorie der Beta-Strahlen. I},
  doi          = {10.1007/bf01351864},
  issn         = {1434-601X},
  number       = {3–4},
  pages        = {161--177},
  volume       = {88},
  publisher    = {Springer Science and Business Media LLC},
}

@PhdThesis{HaMinh2025,
  author    = {Ha Minh, Martin},
  title     = {New ways to explore the neutrino sky through the eyes of the South Pole — Development of numerical methods for the IceCube Neutrino Observatory},
  language  = {en},
  pagetotal = {157},
  url       = {https://mediatum.ub.tum.de/1780849},
  school    = {Technische Universität München},
  year      = {2025},
}

@Book{Hanslmeier2020,
  author    = {Hanslmeier, Arnold},
  date      = {2020},
  title     = {Einführung in Astronomie und Astrophysik},
  edition   = {4. Aufl. 2020},
  isbn      = {9783662604137},
  location  = {Berlin, Heidelberg},
  pagetotal = {1719},
  publisher = {Springer Berlin Heidelberg},
  ppn_gvk   = {1702713784},
}

@Article{Hirata1987,
  author       = {Hirata, K. and Kajita, T. and Koshiba, M. and Nakahata, M. and Oyama, Y. and Sato, N. and Suzuki, A. and Takita, M. and Totsuka, Y. and Kifune, T. and Suda, T. and Takahashi, K. and Tanimori, T. and Miyano, K. and Yamada, M. and Beier, E. W. and Feldscher, L. R. and Kim, S. B. and Mann, A. K. and Newcomer, F. M. and Van, R. and Zhang, W. and Cortez, B. G.},
  date         = {1987-04},
  journaltitle = {Physical Review Letters},
  title        = {Observation of a neutrino burst from the supernova SN1987A},
  doi          = {10.1103/physrevlett.58.1490},
  issn         = {0031-9007},
  number       = {14},
  pages        = {1490--1493},
  volume       = {58},
  publisher    = {American Physical Society (APS)},
}

@Online{Fermilab,
  author  = {{Fermilab}},
  date    = {2000-07-20},
  title   = {Physicists Find First Direct Evidence for Tau Neutrino at Fermilab},
  url     = {https://news.fnal.gov/2000/07/physicists-find-first-direct-evidence-tau-neutrino-fermilab},
  urldate = {2025-05-31},
}

@Book{Janka2011,
  author    = {Janka, Hans-Thomas},
  date      = {2011},
  title     = {Supernovae und kosmische Gammablitze},
  isbn      = {3827420725},
  location  = {Heidelberg},
  pagetotal = {187},
  publisher = {Spektrum Akademischer Verlag},
  series    = {Astrophysik aktuell},
  subtitle  = {Ursachen und Folgen von Sternexplosionen},
  ppn_gvk   = {638894980},
}

@Book{Kolanoski2016,
  author    = {Kolanoski, Hermann},
  date      = {2016},
  title     = {Teilchendetektoren},
  edition   = {1. Aufl. 2016},
  editor    = {Norbert Wermes},
  isbn      = {9783662453506},
  location  = {Berlin, Heidelberg},
  pagetotal = {1921},
  publisher = {Springer Berlin Heidelberg},
  subtitle  = {Grundlagen und Anwendungen},
  ppn_gvk   = {1698388012},
}

@Article{IceCubeCollaboration2013,
  author  = {{IceCube Collaboration}},
  title   = {Evidence for High-Energy Extraterrestrial Neutrinos at the IceCube Detector},
  doi     = {10.1126/science.1242856},
  eprint  = {https://www.science.org/doi/pdf/10.1126/science.1242856},
  number  = {6161},
  pages   = {1242856},
  url     = {https://www.science.org/doi/abs/10.1126/science.1242856},
  volume  = {342},
  journal = {Science},
  year    = {2013},
}

@Article{Lande2009,
  author       = {Lande, Kenneth},
  date         = {2009-11},
  journaltitle = {Annual Review of Nuclear and Particle Science},
  title        = {The Life of Raymond Davis, Jr. and the Beginning of Neutrino Astronomy},
  doi          = {10.1146/annurev.nucl.010909.083753},
  issn         = {1545-4134},
  number       = {1},
  pages        = {21--39},
  volume       = {59},
  publisher    = {Annual Reviews},
}

@Unpublished{Pauli,
  author  = {Pauli, Wolfgang},
  title   = {Pauli letter collection},
  note    = {Typed copy},
  url     = {https://cds.cern.ch/record/83282},
  urldate = {2025-04-04},
}

@Book{Stolz2005,
  author    = {Stolz, Werner},
  date      = {2005},
  title     = {Radioaktivität},
  edition   = {5., überarb. und erw. Aufl.},
  isbn      = {9783519530220},
  location  = {Wiesbaden},
  note      = {Literaturverz. S. [207] - 208},
  pagetotal = {215},
  publisher = {Teubner},
  series    = {Lehrbuch},
  subtitle  = {Grundlagen, Messung, Anwendungen},
  ppn_gvk   = {477539521},
}

@Article{Street1937,
  author       = {Street, J. and Stevenson, E.},
  date         = {1937-11},
  journaltitle = {Physical Review},
  title        = {New Evidence for the Existence of a Particle of Mass Intermediate Between the Proton and Electron},
  doi          = {10.1103/physrev.52.1003},
  issn         = {1536-6065},
  number       = {9},
  pages        = {1003--1004},
  volume       = {52},
  publisher    = {American Physical Society (APS)},
}

@Online{UniWisconsin–Madison,
  author  = {{University of Wisconsin–Madison}},
  title   = {IceCube Neutrino Observatory - IceCube},
  url     = {https://icecube.wisc.edu/science/icecube},
  urldate = {2025-08-21},
  author. = {{University of Wisconsin-Madison}},
}

@Online{DESD,
  author  = {{Deutsches Elektronen-Synchrotron DESY}},
  title   = {IceCube Gen2},
  url     = {https://www.icecube-gen2.de/projekt/index_ger.html},
  urldate = {2025-08-21},
}

@Online{SSB,
  author  = {{Staatsinstitut für Schulqualität und Bildungsforschung}},
  title   = {Physik 10 – Physikalische Erkenntnisse und Arbeitsweisen für technische Entwicklungen nutzen},
  url     = {https://www.lehrplanplus.bayern.de/fachlehrplan/gymnasium/10/physik},
  urldate = {2025-05-31},
}

@Online{NPO,
  author  = {{Nobel Prize Outreach}},
  title   = {Raymond Davis Jr. - Biographical},
  url     = {https://www.nobelprize.org/prizes/physics/2002/davis/biographical},
  urldate = {2025-08-18},
}

@Online{NPOc,
  author  = {{Nobel Prize Outreach}},
  title   = {The Nobel Prize in Physics 1938},
  url     = {https://www.nobelprize.org/prizes/physics/1938/summary/},
  urldate = {2025-05-29},
}

@Online{NPOa,
  author  = {{Nobel Prize Outreach}},
  title   = {The Nobel Prize in Physics 1945},
  url     = {https://www.nobelprize.org/prizes/physics/1945/summary/},
  urldate = {2025-05-29},
}

@Online{NPOd,
  author  = {{Nobel Prize Outreach}},
  title   = {The Nobel Prize in Physics 1988},
  url     = {https://www.nobelprize.org/prizes/physics/1988/summary/},
  urldate = {2025-05-31},
}

@Online{NPOb,
  author  = {{Nobel Prize Outreach}},
  title   = {The Nobel Prize in Physics 1995},
  url     = {https://www.nobelprize.org/prizes/physics/1995/summary/},
  urldate = {2025-05-29},
}

@Book{Tipler2024,
  author    = {Tipler, Paul Allen},
  date      = {2024},
  title     = {Tipler Physik},
  edition   = {9. Aufl. 2024},
  editor    = {Peter Kersten and Michael Basler and Gene Mosca and Renate Dohmen and Carsten Heinisch and Anna Schleitzer and Michael Zillgitt},
  isbn      = {9783662679364},
  location  = {Berlin, Heidelberg},
  pagetotal = {11397},
  publisher = {Springer Berlin Heidelberg},
  subtitle  = {Für Studierende der Naturwissenschaften und Technik},
  ppn_gvk   = {1890938726},
}

@Article{Aker2025,
  author       = {Aker, Max and Batzler, Dominic and Beglarian, Armen and Behrens, Jan and Beisenkötter, Justus and Biassoni, Matteo and Bieringer, Benedikt and Biondi, Yanina and Block, Fabian and Bobien, Steffen and Böttcher, Matthias and Bornschein, Beate and Bornschein, Lutz and Caldwell, Tom S. and Carminati, Marco and Chatrabhuti, Auttakit and Chilingaryan, Suren and Daniel, Byron A. and Debowski, Karol and Descher, Martin and Barrero, Deseada Díaz and Doe, Peter J. and Dragoun, Otokar and Drexlin, Guido and Edzards, Frank and Eitel, Klaus and Ellinger, Enrico and Engel, Ralph and Enomoto, Sanshiro and Felden, Arne and Fengler, Caroline and Fiorini, Carlo and Formaggio, Joseph A. and Forstner, Christian and Fränkle, Florian M. and Gauda, Kevin and Gavin, Andrew S. and Gil, Woosik and Glück, Ferenc and Grohmann, Steffen and Grössle, Robin and Gumbsheimer, Rainer and Gutknecht, Nathanael and Hannen, Volker and Hasselmann, Leonard and Haußmann, Norman and Helbing, Klaus and Henke, Hanna and Heyns, Svenja and Hickford, Stephanie and Hiller, Roman and Hillesheimer, David and Hinz, Dominic and Höhn, Thomas and Huber, Anton and Jansen, Alexander and Karl, Christian and Kellerer, Jonas and Khosonthongkee, Khanchai and Kleifges, Matthias and Klein, Manuel and Kohpeiß, Joshua and Köhler, Christoph and Köllenberger, Leonard and Kopmann, Andreas and Kovač, Neven and Kovalík, Alojz and Krause, Holger and La Cascio, Luisa and Lasserre, Thierry and Lauer, Joscha and Le, Thanh-Long and Lebeda, Ondřej and Lehnert, Bjoern and Li, Gen and Lokhov, Alexey and Machatschek, Moritz and Mark, Martin and Marsteller, Alexander and Martin, Eric L. and Melzer, Christin and Mertens, Susanne and Mohanty, Shailaja and Mostafa, Jalal and Müller, Klaus and Nava, Andrea and Neumann, Holger and Niemes, Simon and Onillon, Anthony and Parno, Diana S. and Pavan, Maura and Pinsook, Udomsilp and Poon, Alan W. P. and Lopez Poyato, Jose Manuel and Pozzi, Stefano and Priester, Florian and Ráliš, Jan and Ramachandran, Shivani and Robertson, R. G. Hamish and Rodenbeck, Caroline and Röllig, Marco and Röttele, Carsten and Ryšavý, Milos and Sack, Rudolf and Saenz, Alejandro and Salomon, Richard and Schäfer, Peter and Schlösser, Magnus and Schlösser, Klaus and Schlüter, Lisa and Schneidewind, Sonja and Schnurr, Ulrich and Schrank, Michael and Schürmann, Jannis and Schütz, Ann-Kathrin and Schwemmer, Alessandro and Schwenck, Adrian and Šefčík, Michal and Siegmann, Daniel and Simon, Frank and Spanier, Felix and Spreng, Daniela and Sreethawong, Warintorn and Steidl, Markus and Štorek, Jaroslav and Stribl, Xaver and Sturm, Michael and Suwonjandee, Narumon and Jerome, Nicholas Tan and Telle, Helmut H. and Thorne, Larisa A. and Thümmler, Thomas and Tirolf, Simon and Titov, Nikita and Tkachev, Igor and Urban, Korbinian and Valerius, Kathrin and Vénos, Drahoslav and Weinheimer, Christian and Welte, Stefan and Wendel, Jürgen and Wiesinger, Christoph and Wilkerson, John F. and Wolf, Joachim and Wüstling, Sascha and Wydra, Johanna and Xu, Weiran and Zadorozhny, Sergey and Zeller, Genrich},
  date         = {2025-04},
  journaltitle = {Science},
  title        = {Direct neutrino-mass measurement based on 259 days of KATRIN data},
  doi          = {10.1126/science.adq9592},
  issn         = {1095-9203},
  number       = {6743},
  pages        = {180--185},
  volume       = {388},
  publisher    = {American Association for the Advancement of Science (AAAS)},
}

@Article{Zyla2020,
  author       = {Zyla, P A and Barnett, R M and Beringer, J and Dahl, O and Dwyer, D A and Groom, D E and Lin, C -J and Lugovsky, K S and Pianori, E and Robinson, D J and Wohl, C G and Yao, W -M and Agashe, K and Aielli, G and Allanach, B C and Amsler, C and Antonelli, M and Aschenauer, E C and Asner, D M and Baer, H and Banerjee, Sw and Baudis, L and Bauer, C W and Beatty, J J and Belousov, V I and Bethke, S and Bettini, A and Biebel, O and Black, K M and Blucher, E and Buchmuller, O and Burkert, V and Bychkov, M A and Cahn, R N and Carena, M and Ceccucci, A and Cerri, A and Chakraborty, D and Chivukula, R Sekhar and Cowan, G and D’Ambrosio, G and Damour, T and de Florian, D and de Gouvêa, A and DeGrand, T and de Jong, P and Dissertori, G and Dobrescu, B A and D’Onofrio, M and Doser, M and Drees, M and Dreiner, H K and Eerola, P and Egede, U and Eidelman, S and Ellis, J and Erler, J and Ezhela, V V and Fetscher, W and Fields, B D and Foster, B and Freitas, A and Gallagher, H and Garren, L and Gerber, H -J and Gerbier, G and Gershon, T and Gershtein, Y and Gherghetta, T and Godizov, A A and Gonzalez-Garcia, M C and Goodman, M and Grab, C and Gritsan, A V and Grojean, C and Grünewald, M and Gurtu, A and Gutsche, T and Haber, H E and Hanhart, C and Hashimoto, S and Hayato, Y and Hebecker, A and Heinemeyer, S and Heltsley, B and Hernández-Rey, J J and Hikasa, K and Hisano, J and Höcker, A and Holder, J and Holtkamp, A and Huston, J and Hyodo, T and Johnson, K F and Kado, M and Karliner, M and Katz, U F and Kenzie, M and Khoze, V A and Klein, S R and Klempt, E and Kowalewski, R V and Krauss, F and Kreps, M and Krusche, B and Kwon, Y and Lahav, O and Laiho, J and Lellouch, L P and Lesgourgues, J and Liddle, A R and Ligeti, Z and Lippmann, C and Liss, T M and Littenberg, L and Lourengo, C and Lugovsky, S B and Lusiani, A and Makida, Y and Maltoni, F and Mannel, T and Manohar, A V and Marciano, W J and Masoni, A and Matthews, J and Meißner, U -G and Mikhasenko, M and Miller, D J and Milstead, D and Mitchell, R E and Mönig, K and Molaro, P and Moortgat, F and Moskovic, M and Nakamura, K and Narain, M and Nason, P and Navas, S and Neubert, M and Nevski, P and Nir, Y and Olive, K A and Patrignani, C and Peacock, J A and Petcov, S T and Petrov, V A and Pich, A and Piepke, A and Pomarol, A and Profumo, S and Quadt, A and Rabbertz, K and Rademacker, J and Raffelt, G and Ramani, H and Ramsey-Musolf, M and Ratcliff, B N and Richardson, P and Ringwald, A and Roesler, S and Rolli, S and Romaniouk, A and Rosenberg, L J and Rosner, J L and Rybka, G and Ryskin, M and Ryutin, R A and Sakai, Y and Salam, G P and Sarkar, S and Sauli, F and Schneider, O and Scholberg, K and Schwartz, A J and Schwiening, J and Scott, D and Sharma, V and Sharpe, S R and Shutt, T and Silari, M and Sjöstrand, T and Skands, P and Skwarnicki, T and Smoot, G F and Soffer, A and Sozzi, M S and Spanier, S and Spiering, C and Stahl, A and Stone, S L and Sumino, Y and Sumiyoshi, T and Syphers, M J and Takahashi, F and Tanabashi, M and Tanaka, J and Taševský, M and Terashi, K and Terning, J and Thoma, U and Thorne, R S and Tiator, L and Titov, M and Tkachenko, N P and Tovey, D R and Trabelsi, K and Urquijo, P and Valencia, G and Van de Water, R and Varelas, N and Venanzoni, G and Verde, L and Vincter, M G and Vogel, P and Vogelsang, W and Vogt, A and Vorobyev, V and Wakely, S P and Walkowiak, W and Walter, C W and Wands, D and Wascko, M O and Weinberg, D H and Weinberg, E J and White, M and Wiencke, L R and Willocq, S and Woody, C L and Workman, R L and Yokoyama, M and Yoshida, R and Zanderighi, G and Zeller, G P and Zenin, O V and Zhu, R -Y and Zhu, S -L and Zimmermann, F and Anderson, J and Basaglia, T and Lugovsky, V S and Schaffner, P and Zheng, W},
  date         = {2020-08},
  journaltitle = {Progress of Theoretical and Experimental Physics},
  title        = {Review of Particle Physics},
  doi          = {10.1093/ptep/ptaa104},
  issn         = {2050-3911},
  number       = {8},
  volume       = {2020},
  publisher    = {Oxford University Press (OUP)},
  timestamp    = {2025-09-10},
}

@Misc{Cirigliano2022,
  author        = {Vincenzo Cirigliano and Zohreh Davoudi and Wouter Dekens and Jordy de Vries and Jonathan Engel and Xu Feng and Julia Gehrlein and Michael L. Graesser and Lukáš Gráf and Heiko Hergert and Luchang Jin and Emanuele Mereghetti and Amy Nicholson and Saori Pastore and Michael J. Ramsey-Musolf and Richard Ruiz and Martin Spinrath and Ubirajara van Kolck and André Walker-Loud},
  title         = {Neutrinoless Double-Beta Decay: A Roadmap for Matching Theory to Experiment},
  eprint        = {2203.12169},
  url           = {https://arxiv.org/abs/2203.12169},
  archiveprefix = {arXiv},
  primaryclass  = {hep-ph},
  timestamp     = {2025-09-10},
  year          = {2022},
}

@Article{Balantekin2019,
  author       = {A. Baha Balantekin and André {de Gouvêa} and Boris Kayser},
  date         = {2019},
  journaltitle = {Physics Letters B},
  title        = {Addressing the Majorana vs. Dirac question with neutrino decays},
  doi          = {https://doi.org/10.1016/j.physletb.2018.11.068},
  issn         = {0370-2693},
  pages        = {488-495},
  url          = {https://www.sciencedirect.com/science/article/pii/S0370269318310001},
  volume       = {789},
}

@Article{Suzuki2000,
  author  = {Suzuki, Yoichiro},
  title   = {SOLAR NEUTRINOS},
  doi     = {10.1142/S0217751X00005164},
  eprint  = {https://doi.org/10.1142/S0217751X00005164},
  number  = {supp01a},
  pages   = {201-228},
  url     = {https://doi.org/10.1142/S0217751X00005164},
  volume  = {15},
  journal = {International Journal of Modern Physics A},
  year    = {2000},
}

@Online{UniJohannesGutenbergMainz2025,
  author  = {{Johannes-Gutenberg-Universität Mainz}},
  date    = {2025-08-26},
  title   = {JUNO-Experiment startet Datennahme für Neutrinos},
  url     = {https://prisma.uni-mainz.de/outreach/pressemitteilungen/juno-experiment-startet-datennahme-fuer-neutrinos/},
  urldate = {2025-09-10},
}

@Online{JUNO2025,
  author  = {{Jiangmen Underground Neutrino Observatory}},
  date    = {2025-07-27},
  title   = {JUNO Completed Liquid Filling and Begins Data Taking},
  url     = {https://juno.ihep.cas.cn/PPjuno/202508/t20250827_1051453.html},
  urldate = {2025-09-10},
}

@Online{UniBonn2025,
  author   = {{Universität Bonn}},
  date     = {2025-05-08},
  title    = {Innovative New Detector to Hunt for Neutrinos},
  url      = {https://www.uni-bonn.de/en/news/085-2025},
  subtitle = {University of Bonn physicist Matthias Schott awarded €1 million in DFG funding},
  urldate  = {2025-09-10},
}

@Article{Aker2022,
  author        = {Aker, M. and Batzler, D. and Beglarian, A. and Behrens, J. and Berlev, A. and Besserer, U. and Bieringer, B. and Block, F. and Bobien, S. and Bornschein, B. and Bornschein, L. and B\"ottcher, M. and Brunst, T. and Caldwell, T. S. and Carney, R. M. D. and Chilingaryan, S. and Choi, W. and Debowski, K. and Descher, M. and D\'{\i}az Barrero, D. and Doe, P. J. and Dragoun, O. and Drexlin, G. and Edzards, F. and Eitel, K. and Ellinger, E. and Engel, R. and Enomoto, S. and Felden, A. and Formaggio, J. A. and Fr\"ankle, F. M. and Franklin, G. B. and Friedel, F. and Fulst, A. and Gauda, K. and Gavin, A. S. and Gil, W. and Gl\"uck, F. and Gr\"ossle, R. and Gumbsheimer, R. and Hannen, V. and Hau\ss{}mann, N. and Helbing, K. and Hickford, S. and Hiller, R. and Hillesheimer, D. and Hinz, D. and H\"ohn, T. and Houdy, T. and Huber, A. and Jansen, A. and Karl, C. and Kellerer, J. and Kleifges, M. and Klein, M. and K\"ohler, C. and K\"ollenberger, L. and Kopmann, A. and Korzeczek, M. and Koval\'{\i}k, A. and Krasch, B. and Krause, H. and La Cascio, L. and Lasserre, T. and Le, T. L. and Lebeda, O. and Lehnert, B. and Lokhov, A. and Machatschek, M. and Malcherek, E. and Mark, M. and Marsteller, A. and Martin, E. L. and Melzer, C. and Mertens, S. and Mostafa, J. and M\"uller, K. and Neumann, H. and Niemes, S. and Oelpmann, P. and Parno, D. S. and Poon, A. W. P. and Poyato, J. M. L. and Priester, F. and R\'ali\ifmmode \check{s}\else \v{s}\fi{}, J. and Ramachandran, S. and Robertson, R. G. H. and Rodejohann, W. and Rodenbeck, C. and R\"ollig, M. and R\"ottele, C. and Ry\ifmmode \check{s}\else \v{s}\fi{}av\'y, M. and Sack, R. and Saenz, A. and Salomon, R. and Sch\"afer, P. and Schimpf, L. and Schl\"osser, M. and Schl\"osser, K. and Schl\"uter, L. and Schneidewind, S. and Schrank, M. and Schwemmer, A. and \ifmmode \check{S}\else \v{S}\fi{}ef\ifmmode \check{c}\else \v{c}\fi{}\'{\i}k, M. and Sibille, V. and Siegmann, D. and Slez\'ak, M. and Spanier, F. and Steidl, M. and Sturm, M. and Telle, H. H. and Thorne, L. A. and Th\"ummler, T. and Titov, N. and Tkachev, I. and Urban, K. and Valerius, K. and V\'enos, D. and Vizcaya Hern\'andez, A. P. and Weinheimer, C. and Welte, S. and Wendel, J. and Wetter, M. and Wiesinger, C. and Wilkerson, J. F. and Wolf, J. and W\"ustling, S. and Wydra, J. and Xu, W. and Zadoroghny, S. and Zeller, G.},
  title         = {Improved eV-scale sterile-neutrino constraints from the second KATRIN measurement campaign},
  doi           = {10.1103/PhysRevD.105.072004},
  issue         = {7},
  pages         = {072004},
  url           = {https://link.aps.org/doi/10.1103/PhysRevD.105.072004},
  volume        = {105},
  collaboration = {KATRIN Collaboration},
  journal       = {Phys. Rev. D},
  month         = {Apr},
  numpages      = {14},
  publisher     = {American Physical Society},
  year          = {2022},
}

@Article{Kleesiek2019,
  author       = {Kleesiek, M. and Behrens, J. and Drexlin, G. and Eitel, K. and Erhard, M. and Formaggio, J. A. and Glück, F. and Groh, S. and Hötzel, M. and Mertens, S. and Poon, A. W. P. and Weinheimer, C. and Valerius, K.},
  date         = {2019-03},
  journaltitle = {The European Physical Journal C},
  title        = {{$\upbeta$-Decay spectrum, response function and statistical model for neutrino mass measurements with the KATRIN experiment}},
  doi          = {10.1140/epjc/s10052-019-6686-7},
  issn         = {1434-6052},
  number       = {3},
  volume       = {79},
  publisher    = {Springer Science and Business Media LLC},
}

@Article{Prall2012,
  author       = {Prall, M and Renschler, P and Glück, F and Beglarian, A and Bichsel, H and Bornschein, L and Chaoui, Z and Drexlin, G and Fränkle, F and Görhardt, S and Mertens, S and Steidl, M and Thümmler, Th and Wüstling, S and Weinheimer, C and Zadorozhny, S},
  date         = {2012-07},
  journaltitle = {New Journal of Physics},
  title        = {The KATRIN pre-spectrometer at reduced filter energy},
  doi          = {10.1088/1367-2630/14/7/073054},
  issn         = {1367-2630},
  number       = {7},
  pages        = {073054},
  volume       = {14},
  publisher    = {IOP Publishing},
}

@Article{Maki1962,
  author   = {Maki, Ziro and Nakagawa, Masami and Sakata, Shoichi},
  title    = {Remarks on the Unified Model of Elementary Particles},
  doi      = {10.1143/PTP.28.870},
  eprint   = {https://academic.oup.com/ptp/article-pdf/28/5/870/5258750/28-5-870.pdf},
  issn     = {0033-068X},
  number   = {5},
  pages    = {870-880},
  url      = {https://doi.org/10.1143/PTP.28.870},
  volume   = {28},
  abstract = {A particle mixture theory of neutrino is proposed assuming the existence of two kinds of neutrinos. Based on the neutrino-mixture theory, a possible unified model of elementary particles is constructed by generalizing the Sakata-Nagoya model. Our scheme gives a natural explanation of smallness of leptonic decay rate of hyperons as well as the subtle difference of Gν's between µ-e and β-decay.Starting with this scheme, the possibility of Ke3 mode with ΔS/ΔQ = −1 is also examined, and some bearings on the dynamical role of the B-matter, a fundamental constituent of baryons in the Nagoya model, are clarified.},
  journal  = {Progress of Theoretical Physics},
  month    = {11},
  year     = {1962},
}

@Comment{jabref-meta: databaseType:biblatex;}
